@article{Torres_2018,
   title = {Como interpretan los niños prácticas experimentales relacionadas con el concepto de densidad?},
   journal = {{Praxis \& Saber}},
   author={Torres, M. and Nidia, Y. and Montenegro, C. and Camilo, A.},
   ISSN = {2216-0159},
   language = {es},
   URL = {http://www.scielo.org.co/scielo.php?script=sci_arttext&pid=S2216-01592018000300021&nrm=iso},
   volume = {9},
   year = {2018},
   month = {12},
   pages = {21 - 45},
   publisher = {scieloco},
   }